@article{pollack2012correlated,
  title={Correlated biomarker measurement error: an important threat to inference in environmental epidemiology},
  author={Pollack, AZ and Perkins, NJ and Mumford, SL and Ye, A and Schisterman, EF},
  journal={American journal of epidemiology},
  volume={177},
  number={1},
  pages={84--92},
  year={2012},
  publisher={Oxford University Press}
}

@book{carroll2006measurement,
  title={Measurement error in nonlinear models: a modern perspective},
  author={Carroll, Raymond J and Ruppert, David and Crainiceanu, Ciprian M and Stefanski, Leonard A},
  year={2006},
  publisher={Chapman and Hall/CRC}
}

@misc{PRIME,
title={{NIEHS. Powering Research through Innovative Methods for mixtures in Epidemiology (PRIME) (R01), RFA-ES-17-001, Available at: \url{https://grants.nih.gov/grants/guide/rfa-files/RFA-ES-17-001.html}}},
year={2017}
}

@article{maclehose2014applications,
  title={Applications of Bayesian methods to epidemiologic research},
  author={MacLehose, Richard F and Hamra, Ghassan B},
  journal={Current Epidemiology Reports},
  volume={1},
  number={3},
  pages={103--109},
  year={2014},
  publisher={Springer}
}

@article{mitro2015cross,
  title={Cross-sectional associations between exposure to persistent organic pollutants and leukocyte telomere length among US adults in NHANES, 2001--2002},
  author={Mitro, Susanna D and Birnbaum, Linda S and Needham, Belinda L and Zota, Ami R},
  journal={Environmental health perspectives},
  volume={124},
  number={5},
  pages={651--658},
  year={2015},
  publisher={National Institute of Environmental Health Sciences}
}

@article{weisskopf2018bias,
  title={Bias Amplification in Epidemiologic Analysis of Exposure to Mixtures},
  author={Weisskopf, Marc G and Seals, Ryan M and Webster, Thomas F},
  journal={Environmental health perspectives},
  volume={47003},
  pages={1},
  year={2018}
}

@article{ko2016classification,
  title={Classification and Clustering Methods for Multiple Environmental Factors in Gene-Environment Interaction: Application to the Multi-Ethnic Study of Atherosclerosis.},
  author={Ko, Yi-An and Mukherjee, Bhramar and Smith, Jennifer A and Kardia, SL and Allison, Matthew and Diez, AV Roux},
  journal={Epidemiology (Cambridge, Mass.)},
  volume={27},
  number={6},
  pages={870--878},
  year={2016},
  publisher={NIH Public Access}
}

@article{chipman2010bart,
  title={BART: Bayesian additive regression trees},
  author={Chipman, Hugh A and George, Edward I and McCulloch, Robert E and others},
  journal={The Annals of Applied Statistics},
  volume={4},
  number={1},
  pages={266--298},
  year={2010},
  publisher={Institute of Mathematical Statistics}
}

@article{berger2018prenatal,
  title={Prenatal high molecular weight phthalates and bisphenol A, and childhood respiratory and allergic outcomes},
  author={Berger, Kimberly and Eskenazi, Brenda and Balmes, John and Kogut, Katie and Holland, Nina and Calafat, Antonia M and Harley, Kim G},
  journal={Pediatric Allergy and Immunology},
  year={2018},
  publisher={Wiley Online Library}
}

@article{molitor2010bayesian,
  title={Bayesian profile regression with an application to the National Survey of Children's Health},
  author={Molitor, John and Papathomas, Michail and Jerrett, Michael and Richardson, Sylvia},
  journal={Biostatistics},
  volume={11},
  number={3},
  pages={484--498},
  year={2010},
  publisher={Oxford University Press}
}

@article{wasserman2018cross,
  title={A cross-sectional study of water arsenic exposure and intellectual function in adolescence in Araihazar, Bangladesh},
  author={Wasserman, Gail A and Liu, Xinhua and Parvez, Faruque and Chen, Yu and Factor-Litvak, Pam and LoIacono, Nancy J and Levy, Diane and Shahriar, Hasan and Uddin, Mohammed Nasir and Islam, Tariqul and others},
  journal={Environment International},
  volume={118},
  pages={304--313},
  year={2018},
  publisher={Elsevier}
}

@article{berger2018associations,
  title={Associations between prenatal maternal urinary concentrations of personal care product chemical biomarkers and childhood respiratory and allergic outcomes in the CHAMACOS study},
  author={Berger, Kimberly and Eskenazi, Brenda and Balmes, John and Holland, Nina and Calafat, Antonia M and Harley, Kim G},
  journal={Environment international},
  volume={121},
  pages={538--549},
  year={2018},
  publisher={Elsevier}
}

@article{berger2018associations2,
  title={Associations of maternal exposure to triclosan, parabens, and other phenols with prenatal maternal and neonatal thyroid hormone levels},
  author={Berger, Kimberly and Gunier, Robert B and Chevrier, Jonathan and Calafat, Antonia M and Ye, Xiaoyun and Eskenazi, Brenda and Harley, Kim G},
  journal={Environmental research},
  volume={165},
  pages={379--386},
  year={2018},
  publisher={Elsevier}
}

@article{fragoso2018bayesian,
  title={Bayesian model averaging: A systematic review and conceptual classification},
  author={Fragoso, Tiago M and Bertoli, Wesley and Louzada, Francisco},
  journal={International Statistical Review},
  volume={86},
  number={1},
  pages={1--28},
  year={2018},
  publisher={Wiley Online Library}
}


@article{maclehose2007bayesian,
  title={Bayesian methods for highly correlated exposure data},
  author={MacLehose, Richard F and Dunson, David B and Herring, Amy H and Hoppin, Jane A},
  journal={Epidemiology},
  pages={199--207},
  year={2007},
  publisher={JSTOR}
}

@article{park2014environmental,
  title={Environmental risk score as a new tool to examine multi-pollutants in epidemiologic research: an example from the NHANES study using serum lipid levels},
  author={Park, Sung Kyun and Tao, Yebin and Meeker, John D and Harlow, Siob{\'a}n D and Mukherjee, Bhramar},
  journal={PloS one},
  volume={9},
  number={6},
  pages={e98632},
  year={2014},
  publisher={Public Library of Science}
}

@article{white2018metallic,
  title={Metallic Air Pollutants and Breast Cancer Risk in a Nationwide Cohort Study.},
  author={White, Alexandra J and O'Brien, Katie M and Niehoff, Nicole M and Carroll, Rachel and Sandler, Dale P},
  journal={Epidemiology (Cambridge, Mass.)},
  year={2018}
}

@article{sun2013statistical,
  title={Statistical strategies for constructing health risk models with multiple pollutants and their interactions: possible choices and comparisons},
  author={Sun, Zhichao and Tao, Yebin and Li, Shi and Ferguson, Kelly K and Meeker, John D and Park, Sung Kyun and Batterman, Stuart A and Mukherjee, Bhramar},
  journal={Environmental Health},
  volume={12},
  number={1},
  pages={85},
  year={2013},
  publisher={BioMed Central}
}

@article{gennings2013cohort,
  title={A cohort study evaluation of maternal PCB exposure related to time to pregnancy in daughters},
  author={Gennings, Chris and Carrico, Caroline and Factor-Litvak, Pam and Krigbaum, Nickilou and Cirillo, Piera M and Cohn, Barbara A},
  journal={Environmental Health},
  volume={12},
  number={1},
  pages={66},
  year={2013},
  publisher={BioMed Central}
}

@article{gennings2010identifying,
  title={Identifying subsets of complex mixtures most associated with complex diseases: polychlorinated biphenyls and endometriosis as a case study},
  author={Gennings, Chris and Sabo, Roy and Carney, Ed},
  journal={Epidemiology},
  pages={S77--S84},
  year={2010},
  publisher={JSTOR}
}

@article{van20062005,
  title={The 2005 World Health Organization reevaluation of human and mammalian toxic equivalency factors for dioxins and dioxin-like compounds},
  author={Van den Berg, Martin and Birnbaum, Linda S and Denison, Michael and De Vito, Mike and Farland, William and Feeley, Mark and Fiedler, Heidelore and Hakansson, Helen and Hanberg, Annika and Haws, Laurie and others},
  journal={Toxicological sciences},
  volume={93},
  number={2},
  pages={223--241},
  year={2006},
  publisher={Oxford University Press}
}

@book{national2009phthalates,
  title={Phthalates and cumulative risk assessment: the tasks ahead},
  author={National Research Council and others},
  year={2009},
  publisher={National Academies Press}
}

@article{manzano2015tnf,
  title={TNF $\alpha$ and IL-6 Responses to Particulate Matter in Vitro: Variation According to PM Size, Season, and Polycyclic Aromatic Hydrocarbon and Soil Content},
  author={Manzano-Le{\'o}n, Natalia and Serrano-Lomelin, Jes{\'u}s and S{\'a}nchez, Brisa N and Quintana-Belmares, Ra{\'u}l and Vega, Elizabeth and V{\'a}zquez-L{\'o}pez, In{\'e}s and Rojas-Bracho, Leonora and L{\'o}pez-Villegas, Maria Tania and Vadillo-Ortega, Felipe and De Vizcaya-Ruiz, Andrea and others},
  journal={Environmental health perspectives},
  volume={124},
  number={4},
  pages={406--412},
  year={2015},
  publisher={National Institute of Environmental Health Sciences}
}

@article{robinson2018urban,
  title={The Urban Exposome during Pregnancy and Its Socioeconomic Determinants},
  author={Robinson, Oliver and Tamayo, Ibon and De Castro, Montserrat and Valentin, Antonia and Giorgis-Allemand, Lise and Hjertager Krog, Norun and Marit Aasvang, Gunn and Ambros, Albert and Ballester, Ferran and Bird, Pippa and others},
  journal={Environmental health perspectives},
  volume={126},
  number={7},
  pages={077005},
  year={2018}
}

@article{hamra2018environmental,
  title={Environmental Exposure Mixtures: Questions and Methods to Address Them},
  author={Hamra, Ghassan B and Buckley, Jessie P},
  journal={Current Epidemiology Reports},
  volume={5},
  number={2},
  pages={160--165},
  year={2018},
  publisher={Springer}
}

@article{stafoggia2017statistical,
  title={Statistical approaches to address multi-pollutant mixtures and multiple exposures: the state of the science},
  author={Stafoggia, Massimo and Breitner, Susanne and Hampel, Regina and Basaga{\~n}a, Xavier},
  journal={Current environmental health reports},
  volume={4},
  number={4},
  pages={481--490},
  year={2017},
  publisher={Springer}
}

@article{huang2018cumulative,
  title={Cumulative Risk and Impact Modeling on Environmental Chemical and Social Stressors},
  author={Huang, Hongtai and Wang, Aolin and Morello-Frosch, Rachel and Lam, Juleen and Sirota, Marina and Padula, Amy and Woodruff, Tracey J},
  journal={Current environmental health reports},
  volume={5},
  number={1},
  pages={88--99},
  year={2018},
  publisher={Springer}
}

@article{schelldorfer2011estimation,
  title={Estimation for high-dimensional linear mixed-effects models using ℓ1-penalization},
  author={Schelldorfer, J{\"u}rg and B{\"u}hlmann, Peter and DE GEER, SARA VAN},
  journal={Scandinavian Journal of Statistics},
  volume={38},
  number={2},
  pages={197--214},
  year={2011},
  publisher={Wiley Online Library}
}

@article{dai2015use,
  title={Use of the adaptive LASSO method to identify PM2. 5 components associated with blood pressure in elderly men: the Veterans Affairs Normative Aging Study},
  author={Dai, Lingzhen and Koutrakis, Petros and Coull, Brent A and Sparrow, David and Vokonas, Pantel S and Schwartz, Joel D},
  journal={Environmental health perspectives},
  volume={124},
  number={1},
  pages={120--125},
  year={2015},
  publisher={National Institute of Environmental Health Sciences}
}

@article{dai2016fine,
  title={Fine particles, genetic pathways, and markers of inflammation and endothelial dysfunction: analysis on particulate species and sources},
  author={Dai, Lingzhen and Bind, Marie-Abele and Koutrakis, Petros and Coull, Brent A and Sparrow, David and Vokonas, Pantel S and Schwartz, Joel D},
  journal={Journal of Exposure Science and Environmental Epidemiology},
  volume={26},
  number={4},
  pages={415},
  year={2016},
  publisher={Nature Publishing Group}
}

@article{zou2006adaptive,
  title={The adaptive lasso and its oracle properties},
  author={Zou, Hui},
  journal={Journal of the American statistical association},
  volume={101},
  number={476},
  pages={1418--1429},
  year={2006},
  publisher={Taylor \& Francis}
}

@article{ouidir2017atmospheric,
  title={Is atmospheric pollution exposure during pregnancy associated with individual and contextual characteristics? A nationwide study in France},
  author={Ouidir, Marion and Lepeule, Johanna and Siroux, Val{\'e}rie and Malherbe, Laure and Meleux, Frederik and Rivi{\`e}re, Emmanuel and Launay, Ludivine and Zaros, C{\'e}cile and Cheminat, Marie and Charles, Marie-Aline and others},
  journal={J Epidemiol Community Health},
  pages={jech--2016},
  year={2017},
  publisher={BMJ Publishing Group Ltd}
}

@article{gass2014classification,
  title={Classification and regression trees for epidemiologic research: an air pollution example},
  author={Gass, Katherine and Klein, Mitch and Chang, Howard H and Flanders, W Dana and Strickland, Matthew J},
  journal={Environmental Health},
  volume={13},
  number={1},
  pages={17},
  year={2014},
  publisher={BioMed Central}
}

@article{stingone2017using,
  title={Using machine learning to identify air pollution exposure profiles associated with early cognitive skills among us children},
  author={Stingone, Jeanette A and Pandey, Om P and Claudio, Luz and Pandey, Gaurav},
  journal={Environmental Pollution},
  volume={230},
  pages={730--740},
  year={2017},
  publisher={Elsevier}
}

@article{daume2012course,
  title={A course in machine learning},
  author={Daum{\'e} III, Hal},
  journal={Publisher, ciml. info},
  pages={5--73},
  year={2012}
}

@book{friedman2001elements,
  title={The elements of statistical learning},
  author={Friedman, Jerome and Hastie, Trevor and Tibshirani, Robert},
  volume={1},
  number={10},
  year={2001},
  publisher={Springer series in statistics New York, NY, USA:}
}

@article{hoerl1970ridge,
  title={Ridge regression: Biased estimation for nonorthogonal problems},
  author={Hoerl, Arthur E and Kennard, Robert W},
  journal={Technometrics},
  volume={12},
  number={1},
  pages={55--67},
  year={1970},
  publisher={Taylor \& Francis Group}
}

@article{fan2006statistical,
  title={Statistical challenges with high dimensionality: Feature selection in knowledge discovery},
  author={Fan, Jianqing and Li, Runze},
  journal={arXiv preprint math/0602133},
  year={2006}
}

@article{fan2001variable,
  title={Variable selection via nonconcave penalized likelihood and its oracle properties},
  author={Fan, Jianqing and Li, Runze},
  journal={Journal of the American statistical Association},
  volume={96},
  number={456},
  pages={1348--1360},
  year={2001},
  publisher={Taylor \& Francis}
}

@article{shen2002adaptive,
  title={Adaptive model selection},
  author={Shen, Xiaotong and Ye, Jianming},
  journal={Journal of the American Statistical Association},
  volume={97},
  number={457},
  pages={210--221},
  year={2002},
  publisher={Taylor \& Francis}
}

@article{nwanaji2017associations,
  title={Associations between long-term exposure to PM 2.5 component species and blood DNA methylation age in the elderly: The VA normative aging study},
  author={Nwanaji-Enwerem, Jamaji C and Dai, Lingzhen and Colicino, Elena and Oulhote, Youssef and Di, Qian and Kloog, Itai and Just, Allan C and Hou, Lifang and Vokonas, Pantel and Baccarelli, Andrea A and others},
  journal={Environment international},
  volume={102},
  pages={57--65},
  year={2017},
  publisher={Elsevier}
}

@article{zhang2017,
  title={Application of linear mixed-effects model with LASSO to identify metal components associated with cardiac autonomic responses among welders: a repeated measures study},
  author={Zhang, Jinming and Cavallari, Jennifer M and Fang, Shona C and Weisskopf, Marc G and Lin, Xihong and Mittleman, Murray A and Christiani, David C},
  journal={Occup Environ Med},
  pages={oemed--2016},
  year={2017},
  publisher={BMJ Publishing Group Ltd}
}

@article{liu2007semiparametric,
  title={Semiparametric regression of multidimensional genetic pathway data: least-squares kernel machines and linear mixed models},
  author={Liu, Dawei and Lin, Xihong and Ghosh, Debashis},
  journal={Biometrics},
  volume={63},
  number={4},
  pages={1079--1088},
  year={2007},
  publisher={Wiley Online Library}
}

@article{valeri2017joint,
  title={The joint effect of prenatal exposure to metal mixtures on neurodevelopmental outcomes at 20--40 months of age: Evidence from rural Bangladesh},
  author={Valeri, Linda and Mazumdar, Maitreyi M and Bobb, Jennifer F and Henn, Birgit Claus and Rodrigues, Ema and Sharif, Omar IA and Kile, Molly L and Quamruzzaman, Quazi and Afroz, Sakila and Golam, Mostafa and others},
  journal={Environmental health perspectives},
  volume={125},
  number={6},
  year={2017},
  publisher={National Institute of Environmental Health Science}
}

@article{bobb2014bayesian,
  title={Bayesian kernel machine regression for estimating the health effects of multi-pollutant mixtures},
  author={Bobb, Jennifer F and Valeri, Linda and Claus Henn, Birgit and Christiani, David C and Wright, Robert O and Mazumdar, Maitreyi and Godleski, John J and Coull, Brent A},
  journal={Biostatistics},
  volume={16},
  number={3},
  pages={493--508},
  year={2014},
  publisher={Oxford University Press}
}

@article{gillis2013,
  title={Sparse nonnegative matrix underapproximation and its application to hyperspectral image analysis},
  author={Gillis, Nicolas and Plemmons, Robert J},
  journal={Linear Algebra and its Applications},
  volume={438},
  number={10},
  pages={3991--4007},
  year={2013},
  publisher={Elsevier}
}

@inproceedings{lee2001,
  title={Algorithms for non-negative matrix factorization},
  author={Lee, Daniel D and Seung, H Sebastian},
  booktitle={Advances in neural information processing systems},
  pages={556--562},
  year={2001}
}

@article{gillis2010,
  title={Using underapproximations for sparse nonnegative matrix factorization},
  author={Gillis, Nicolas and Glineur, Fran{\c{c}}ois},
  journal={Pattern recognition},
  volume={43},
  number={4},
  pages={1676--1687},
  year={2010},
  publisher={Elsevier}
}

@article{traore2018,
  title={To which mixtures are French pregnant women mainly exposed? A combination of the second French total diet study with the EDEN and ELFE cohort studies},
  author={Traor{\'e}, T and Forhan, A and Sirot, V and Kadawathagedara, M and Heude, B and Hulin, M and de Lauzon-Guillain, B and Botton, J and Charles, MA and Crepet, A},
  journal={Food and Chemical Toxicology},
  volume={111},
  pages={310--328},
  year={2018},
  publisher={Elsevier}
}

@book{epaSP,
    author    = "{U.S. EPA}",
    title     = "Air, Climate, and Energy: Strategic Research Action Plan 2012-2016",
    year      = "June 2012",
    publisher = "Office of Research and Development"
 }
 
@book{nrc,
    author    = "{NRC (National Research Council)}",
    title     = "Air Quality Management in the United States",
    year      = "2004",
    publisher = "National Academies Press",
    address   = "Washington, DC"
 }
 

@book{niehsSP,
    author    = "{NIEHS}",
    title     = "Strategic Plan 2012-2017 -- Advancing Science, Improving Health: A Plan for Environmental Health Research",
    year      = "August 2012",
    publisher = "US Department of Health and Human Services",
    address = "National Institutes of Health"
 }
 
@article{shaffer85,
  title={Neurological soft signs: their relationship to psychiatric disorder and intelligence in childhood and adolescence},
  author={Shaffer, David and Schonfeld, Irvin and O'Connor, Patricia A and Stokman, Cornelis and Trautman, Paul and Shafer, Stephen and Ng, Stephen},
  journal={Archives of General Psychiatry},
  volume={42},
  number={4},
  pages={342--351},
  year={1985},
  publisher={American Medical Association}
}

@article{longnecker99,
  title={Serial levels of serum organochlorines during pregnancy and postpartum},
  author={Longnecker, Matthew P and Klebanoff, Mark A and Gladen, Beth C and Berendes, Heinz W},
  journal={Archives of Environmental Health: An International Journal},
  volume={54},
  number={2},
  pages={110--114},
  year={1999},
  publisher={Taylor \& Francis}
}

@article{gammon02,
  title={Environmental toxins and breast cancer on Long Island. II. Organochlorine compound levels in blood},
  author={Gammon, Marilie D and Wolff, Mary S and Neugut, Alfred I and Eng, Sybil M and Teitelbaum, Susan L and Britton, Julie A and Terry, Mary Beth and Levin, Bruce and Stellman, Steven D and Kabat, Geoffrey C and others},
  journal={Cancer Epidemiology Biomarkers \& Prevention},
  volume={11},
  number={8},
  pages={686--697},
  year={2002},
  publisher={AACR}
}

@article{whyatt03,
  title={Contemporary-use pesticides in personal air samples during pregnancy and blood samples at delivery among urban minority mothers and newborns.},
  author={Whyatt, Robin M and Barr, Dana B and Camann, David E and Kinney, Patrick L and Barr, John R and Andrews, Howard F and Hoepner, Lori A and Garfinkel, Robin and Hazi, Yair and Reyes, Andria and others},
  journal={Environmental health perspectives},
  volume={111},
  number={5},
  pages={749},
  year={2003},
  publisher={National Institute of Environmental Health Science}
}

@article{perera03,
  title={Effects of transplacental exposure to environmental pollutants on birth outcomes in a multiethnic population.},
  author={Perera, Frederica P and Rauh, Virginia and Tsai, Wei-Yann and Kinney, Patrick and Camann, David and Barr, Dana and Bernert, Tom and Garfinkel, Robin and Tu, Yi-Hsuan and Diaz, Diurka and others},
  journal={Environmental health perspectives},
  volume={111},
  number={2},
  pages={201},
  year={2003},
  publisher={National Institute of Environmental Health Science}
}

@article{north03,
  title={Genetic and environmental contributions to cardiovascular disease risk in American Indians the strong heart family study},
  author={North, Kari E and Howard, Barbara V and Welty, Thomas K and Best, Lyle G and Lee, Elisa T and Yeh, JL and Fabsitz, Richard R and Roman, Mary J and MacCluer, Jean W},
  journal={American journal of epidemiology},
  volume={157},
  number={4},
  pages={303--314},
  year={2003},
  publisher={Oxford Univ Press}
}

@article{scheer12,
  title={Arsenic species and selected metals in human urine: validation of HPLC/ICPMS and ICPMS procedures for a long-term population-based epidemiological study},
  author={Scheer, J{\"u}rgen and Findenig, Silvia and Goessler, Walter and Francesconi, Kevin A and Howard, Barbara and Umans, Jason G and Pollak, Jonathan and Tellez-Plaza, Maria and Silbergeld, Ellen K and Guallar, Eliseo and others},
  journal={Analytical Methods},
  volume={4},
  number={2},
  pages={406--413},
  year={2012},
  publisher={Royal Society of Chemistry}
}

@article{inker11,
  title={Expressing the CKD-EPI (Chronic Kidney Disease Epidemiology Collaboration) cystatin C equations for estimating GFR with standardized serum cystatin C values.},
  author={Inker, Lesley A and Eckfeldt, John and Levey, Andrew S and Leiendecker-Foster, Catherine and Rynders, Gregory and Manzi, Jane and Waheed, Salman and Coresh, Josef},
  journal={American journal of kidney diseases: the official journal of the National Kidney Foundation},
  volume={58},
  number={4},
  pages={682--684},
  year={2011},
  publisher={NIH Public Access}
}

@article{levey09,
  title={A new equation to estimate glomerular filtration rate},
  author={Levey, Andrew S and Stevens, Lesley A and Schmid, Christopher H and Zhang, Yaping Lucy and Castro, Alejandro F and Feldman, Harold I and Kusek, John W and Eggers, Paul and Van Lente, Frederick and Greene, Tom and others},
  journal={Annals of internal medicine},
  volume={150},
  number={9},
  pages={604--612},
  year={2009},
  publisher={Am Coll Physicians}
}


@misc{epa_aqs,
title={{EPA. Air Quality System (AQS), Available at: \url{http://www.epa.gov/ttn/airs/airsaqs/detaildata/downloadaqsdata.htm}}},
year={2016}
}

@article{peng09,
  title={Emergency admissions for cardiovascular and respiratory diseases and the chemical composition of fine particle air pollution},
  author={Peng, RD and Bell, ML and Geyh, AS and McDermott, A and Zeger, SL and Samet, JM and Dominici, F},
  journal={Environmental health perspectives},
  volume={117},
  number={6},
  year={2009}
}

@article{bell09,
  title={Hospital admissions and chemical composition of fine particle air pollution},
  author={Bell, ML and Ebisu, K and Peng, RD and Samet, JM and Dominici, F},
  journal={American journal of respiratory and critical care medicine},
  volume={179},
  number={12},
  year={2009}
}

@article{franklin08,
  title={The role of particle composition on the association between PM$_{2. 5}$ and mortality},
  author={Franklin, M and Koutrakis, P and Schwartz, J},
  journal={Epidemiology},
  volume={19},
  number={5},
  year={2008}
}

@book{leamer1978specification,
  title={Specification searches: Ad hoc inference with nonexperimental data},
  author={Leamer, Edward E},
  volume={53},
  year={1978},
  publisher={John Wiley \& Sons Incorporated}
}

@article{raftery1996approximate,
  title={Approximate Bayes factors and accounting for model uncertainty in generalised linear models},
  author={Raftery, Adrian E},
  journal={Biometrika},
  volume={83},
  number={2},
  pages={251--266},
  year={1996},
  publisher={Oxford University Press}
}

@article{draper1995assessment,
  title={Assessment and propagation of model uncertainty},
  author={Draper, David},
  journal={Journal of the Royal Statistical Society. Series B (Methodological)},
  pages={45--97},
  year={1995},
  publisher={JSTOR}
}

@article{lall11,
  title={Distributed lag analyses of daily hospital admissions and source-apportioned fine particle air pollution},
  author={Lall, R and Ito, K and Thurston, GD},
  journal={Environmental health perspectives},
  volume={119},
  number={4},
  pages={455},
  year={2011}
}

@article{taylor16,
  title={Statistical approaches for assessing health effects of environmental chemical mixtures in epidemiology: lessons from an innovative workshop},
  author={Taylor, Kyla W and Joubert, Bonnie R and Braun, Joe M and Dilworth, Caroline and Gennings, Chris and Hauser, Russ and Heindel, Jerry J and Rider, Cynthia V and Webster, Thomas F and Carlin, Danielle J},
  journal={Environmental Health Perspectives},
  volume={124},
  number={12},
  pages={A227},
  year={2016},
  publisher={National Institute of Environmental Health Science}
}

@article{tellez13,
  title={Cadmium exposure and incident cardiovascular disease},
  author={Tellez-Plaza, Maria and Guallar, Eliseo and Howard, Barbara V and Umans, Jason G and Francesconi, Kevin A and Goessler, Walter and Silbergeld, Ellen K and Devereux, Richard B and Navas-Acien, Ana},
  journal={Epidemiology},
  volume={24},
  number={3},
  pages={421},
  year={2013},
  publisher={NIH Public Access}
}

@article{grandjean06,
  title={Developmental neurotoxicity of industrial chemicals},
  author={Grandjean, Philippe and Landrigan, Philip J},
  journal={The Lancet},
  volume={368},
  number={9553},
  pages={2167--2178},
  year={2006},
  publisher={Elsevier}
}

@article{tibshirani96,
  title={Regression shrinkage and selection via the lasso},
  author={Tibshirani, Robert},
  journal={Journal of the Royal Statistical Society. Series B (Methodological)},
  pages={267--288},
  year={1996},
  publisher={JSTOR}
}

@article{zou05,
  title={Regularization and variable selection via the elastic net},
  author={Zou, Hui and Hastie, Trevor},
  journal={Journal of the Royal Statistical Society: Series B (Statistical Methodology)},
  volume={67},
  number={2},
  pages={301--320},
  year={2005},
  publisher={Wiley Online Library}
}

@book{jolliffe02,
  title={Principal component analysis},
  author={Jolliffe, Ian},
  year={2002},
  publisher={Wiley Online Library}
}

@article{jolliffe02b,
  title={Principal component analysis and factor analysis},
  author={Jolliffe, Ian T},
  journal={Principal component analysis},
  pages={150--166},
  year={2002},
  publisher={Springer}
}

@book{thompson04,
  title={Exploratory and confirmatory factor analysis: Understanding concepts and applications.},
  author={Thompson, Bruce},
  year={2004},
  publisher={American Psychological Association}
}

@article{wright1999numerical,
  title={Numerical optimization},
  author={Wright, Stephen and Nocedal, Jorge},
  journal={Springer Science},
  volume={35},
  number={67-68},
  pages={7},
  year={1999}
}

@article{christensen2013multiple,
  title={Multiple classes of environmental chemicals are associated with liver disease: NHANES 2003--2004},
  author={Christensen, Krista L Yorita and Carrico, Caroline K and Sanyal, Arun J and Gennings, Chris},
  journal={International journal of hygiene and environmental health},
  volume={216},
  number={6},
  pages={703--709},
  year={2013},
  publisher={Elsevier}
}

@article{paatero94,
  title={Positive matrix factorization: A non-negative factor model with optimal utilization of error estimates of data values},
  author={Paatero, Pentti and Tapper, Unto},
  journal={Environmetrics},
  volume={5},
  number={2},
  pages={111--126},
  year={1994},
  publisher={Wiley Online Library}
}

@article{carrico15,
  title={Characterization of weighted quantile sum regression for highly correlated data in a risk analysis setting},
  author={Carrico, Caroline and Gennings, Chris and Wheeler, David C and Factor-Litvak, Pam},
  journal={Journal of Agricultural, Biological, and Environmental Statistics},
  volume={20},
  number={1},
  pages={100--120},
  year={2015},
  publisher={Springer}
}

@misc{niehs_workshop11,
title={{NIEHS Advancing Research on Mixtures: New Perspectives and Approaches for Predicting Adverse Human Health Effects, Available at: \url{http://www.niehs.nih.gov/about/events/pastmtg/2011/mixtures/}}},
year={September 2011}
}

@misc{niehs_workshop15,
title={{NIEHS Statistical Approaches for Assessing Health Effects of Environmental Chemical Mixtures in Epidemiology Studies, Available at: \url{http://www.niehs.nih.gov/about/events/pastmtg/2015/statistical/}}},
year={July 2015}
}

@article{johns12,
  title={Practical advancement of multipollutant scientific and risk assessment approaches for ambient air pollution},
  author={Johns, Douglas O and Stanek, Lindsay Wichers and Walker, Katherine and Benromdhane, Souad and Hubbell, Bryan and Ross, Mary and Devlin, Robert B and Costa, Daniel L and Greenbaum, Daniel S},
  journal={Environmental health perspectives},
  volume={120},
  number={9},
  pages={1238--1242},
  year={2012},
  publisher={National Institute of Environmental Health Sciences}
}

@article{loh11,
  title={Classification and regression trees},
  author={Loh, Wei-Yin},
  journal={Wiley Interdisciplinary Reviews: Data Mining and Knowledge Discovery},
  volume={1},
  number={1},
  pages={14--23},
  year={2011},
  publisher={Wiley Online Library}
}

@article{chipman10,
  title={{BART: B}ayesian additive regression trees},
  author={Chipman, Hugh A and George, Edward I and McCulloch, Robert E},
  journal={The Annals of Applied Statistics},
  pages={266--298},
  year={2010},
  publisher={JSTOR}
}

@article{hartigan79,
  title={Algorithm AS 136: A k-means clustering algorithm},
  author={Hartigan, John A and Wong, Manchek A},
  journal={Journal of the Royal Statistical Society. Series C (Applied Statistics)},
  volume={28},
  number={1},
  pages={100--108},
  year={1979},
  publisher={JSTOR}
}

@book{bda3,
  title={Bayesian data analysis},
  author={Gelman, Andrew and Stern, Hal S and Carlin, John B and Dunson, David B and Vehtari, Aki and Rubin, Donald B},
  year={2013},
  publisher={Chapman and Hall/CRC}
}

@book{gelman06,
  title={Data analysis using regression and multilevel/hierarchical models},
  author={Gelman, Andrew and Hill, Jennifer},
  year={2006},
  publisher={Cambridge University Press}
}

@article{witte94,
  title={Hierarchical regression analysis applied to a study of multiple dietary exposures and breast cancer},
  author={Witte, John S and Greenland, Sander and Haile, Robert W and Bird, Cristy L},
  journal={Epidemiology},
  pages={612--621},
  year={1994},
  publisher={JSTOR}
}

@article{bertsimas11,
  title={Theory and applications of robust optimization},
  author={Bertsimas, Dimitris and Brown, David B and Caramanis, Constantine},
  journal={SIAM review},
  volume={53},
  number={3},
  pages={464--501},
  year={2011},
  publisher={SIAM}
}

@article{liu13,
  title={Robust recovery of subspace structures by low-rank representation},
  author={Liu, Guangcan and Lin, Zhouchen and Yan, Shuicheng and Sun, Ju and Yu, Yong and Ma, Yi},
  journal={IEEE Transactions on Pattern Analysis and Machine Intelligence},
  volume={35},
  number={1},
  pages={171--184},
  year={2013},
  publisher={IEEE}
}

@article{hou12,
  title={Image signature: Highlighting sparse salient regions},
  author={Hou, Xiaodi and Harel, Jonathan and Koch, Christof},
  journal={IEEE transactions on pattern analysis and machine intelligence},
  volume={34},
  number={1},
  pages={194--201},
  year={2012},
  publisher={IEEE}
}

@article{wright09,
  title={Robust face recognition via sparse representation},
  author={Wright, John and Yang, Allen Y and Ganesh, Arvind and Sastry, S Shankar and Ma, Yi},
  journal={IEEE transactions on pattern analysis and machine intelligence},
  volume={31},
  number={2},
  pages={210--227},
  year={2009},
  publisher={IEEE}
}

@article{mak14_unc,
  title={{The impact of source contribution uncertainty on the effects of source-specific PM$_{2.5}$ on hospital admissions: A case study in Boston, MA}},
  author={Kioumourtzoglou, Marianthi-Anna and Coull, Brent A and Dominici, Francesca and Koutrakis, Petros and Schwartz, Joel and Suh, Helen},
  journal={Journal of Exposure Science and Environmental Epidemiology},
  volume={24},
  number={4},
  pages={365--371},
  year={2014},
  publisher={Nature Publishing Group}
}

@inproceedings{delatorre01,
  title={Robust principal component analysis for computer vision},
  author={De la Torre, Fernando and Black, Michael J},
  booktitle={Computer Vision, 2001. ICCV 2001. Proceedings. Eighth IEEE International Conference on},
  volume={1},
  pages={362--369},
  year={2001},
  organization={IEEE}
}

@article{brochu11,
  title={Development of a new method to estimate the regional and local contributions to black carbon},
  author={Brochu, Paul J and Kioumourtzoglou, Marianthi-Anna and Coull, Brent A and Hopke, Philip K and Suh, Helen H},
  journal={Atmospheric environment},
  volume={45},
  number={40},
  pages={7681--7687},
  year={2011},
  publisher={Elsevier}
}

@article{thurston11,
  title={A source apportionment of US fine particulate matter air pollution},
  author={Thurston, George D and Ito, Kazuhiko and Lall, Ramona},
  journal={Atmospheric Environment},
  volume={45},
  number={24},
  pages={3924--3936},
  year={2011},
  publisher={Elsevier}
}

@article{delfino08,
  title={The relationship of respiratory and cardiovascular hospital admissions to the southern California wildfires of 2003},
  author={Delfino, Ralph J and Brummel, Sean and Wu, Jun and Stern, Hal and Ostro, Bart and Lipsett, Michael and Winer, Arthur and Street, Donald H and Zhang, Lixia and Tjoa, Thomas and others},
  journal={Occupational and environmental medicine},
  year={2008},
  volume={66},
  number={3},
  pages={189--97},
  publisher={BMJ Publishing Group Ltd}
}

@article{karanasiou12,
  title={Health effects from Sahara dust episodes in Europe: literature review and research gaps},
  author={Karanasiou, A and Moreno, N and Moreno, T and Viana, M and De Leeuw, F and Querol, X},
  journal={Environment international},
  volume={47},
  pages={107--114},
  year={2012},
  publisher={Elsevier}
}

@article{maitra11,
  title={A systematic evaluation of different methods for initializing the K-means clustering algorithm},
  author={Maitra, Ranjan and Peterson, Anna D and Ghosh, Arka P},
  journal={A separability index for clustering and classification problems with applications to cluster merging and systematic evaluation of clustering algorithms},
  pages={41},
  year={2011}
}

@article{bair04,
  title={Semi-supervised methods to predict patient survival from gene expression data},
  author={Bair, Eric and Tibshirani, Robert},
  journal={PLoS Biol},
  volume={2},
  number={4},
  year={2004},
  publisher={Public Library of Science}
}

@article{bair06,
  title={Prediction by supervised principal components},
  author={Bair, Eric and Hastie, Trevor and Paul, Debashis and Tibshirani, Robert},
  journal={Journal of the American Statistical Association},
  volume={101},
  number={473},
  pages={119--137},
  year={2006},
  publisher={Taylor \& Francis}
}

@article{minnier11,
  title={A perturbation method for inference on regularized regression estimates},
  author={Minnier, Jessica and Tian, Lu and Cai, Tianxi},
  journal={Journal of the American Statistical Association},
  volume={106},
  number={496},
  pages={1371--1382},
  year={2011},
  publisher={Taylor \& Francis}
}

@article{lockhart14,
  title={A significance test for the lasso},
  author={Lockhart, Richard and Taylor, Jonathan and Tibshirani, Ryan J and Tibshirani, Robert},
  journal={Annals of statistics},
  volume={42},
  number={2},
  pages={413},
  year={2014},
  publisher={NIH Public Access}
}

@article{lee16,
  title={Exact post-selection inference, with application to the lasso},
  author={Lee, Jason D and Sun, Dennis L and Sun, Yuekai and Taylor, Jonathan E and others},
  journal={The Annals of Statistics},
  volume={44},
  number={3},
  pages={907--927},
  year={2016},
  publisher={Institute of Mathematical Statistics}
}

@article{mckeague15,
  title={An adaptive resampling test for detecting the presence of significant predictors},
  author={McKeague, Ian W and Qian, Min},
  journal={Journal of the American Statistical Association},
  volume={110},
  number={512},
  pages={1422--1433},
  year={2015},
  publisher={Taylor \& Francis}
}

@article{sjodin04,
  title={Semiautomated high-throughput extraction and cleanup method for the measurement of polybrominated diphenyl ethers, polybrominated biphenyls, and polychlorinated biphenyls in human serum},
  author={Sj{\"o}din, Andreas and Jones, Richard S and Lapeza, Chester R and Focant, Jean-Fran{\c{c}}ois and McGahee, Ernest E and Patterson, Donald G},
  journal={Analytical chemistry},
  volume={76},
  number={7},
  pages={1921--1927},
  year={2004},
  publisher={ACS Publications}
}


@article{boucher09,
  title={Prenatal exposure to polychlorinated biphenyls: a neuropsychologic analysis},
  author={Boucher, Olivier and Muckle, Gina and Bastien, C{\'e}lyne H},
  journal={Environmental health perspectives},
  volume={117},
  number={1},
  pages={7},
  year={2009},
  publisher={National Institute of Environmental Health Sciences}
}

@article{wechsler03,
  title={Wechsler intelligence scale for children--Fourth Edition (WISC-IV)},
  author={Wechsler, David},
  journal={San Antonio, TX: The Psychological Corporation},
  year={2003}
}


@misc{noaa,
title={{National Climatic Data Center, Available at: \url{www.ncdc.noaa.gov}}},
year={2016}
}

@article{thurston85,
  title={A quantitative assessment of source contributions to inhalable particulate matter pollution in metropolitan Boston},
  author={Thurston, George D and Spengler, John D},
  journal={Atmospheric Environment (1967)},
  volume={19},
  number={1},
  pages={9--25},
  year={1985},
  publisher={Elsevier}
}

@article{mar06,
  title={{PM source apportionment and health effects. 3. Investigation of inter-method variations in associations between estimated source contributions of PM$_{2.5}$ and daily mortality in Phoenix, AZ}},
  author={Mar, Therese F and Ito, Kazuhiko and Koenig, Jane Q and Larson, Timothy V and Eatough, Delbert J and Henry, Ronald C and Kim, Eugene and Laden, Francine and Lall, Ramona and Neas, Lucas and others},
  journal={Journal of Exposure Science and Environmental Epidemiology},
  volume={16},
  number={4},
  pages={311--320},
  year={2006},
  publisher={Nature Publishing Group}
}

@article {vandenberg88,
author = {van den Berg, Bea J. and Christianson, Roberta E. and Oechsli, Frank W.},
title = {{The California Child Health and Development Studies of the School of Public Health, University of California at Berkeley}},
journal = {Paediatric and Perinatal Epidemiology},
volume = {2},
number = {3},
pages = {265--282},
year = {1988},
}

@article{ammons62,
  title={{The Quick Test (QT): provisional manual.}},
  author={Ammons, Robert B and Ammons, CH},
  journal={Psychological Reports},
  year={1962},
  publisher={Psychological Reports}
}

@article{mednick69,
  title={{The validity of the Ammons' Quick Test of intelligence}},
  author={Mednick, Martha T},
  journal={Psychological Reports},
  volume={24},
  number={2},
  pages={388--390},
  year={1969},
  publisher={SAGE Publications Sage CA: Los Angeles, CA}
}

@article{zagar13,
  title={{Ammons quick test validity among randomly selected referrals}},
  author={Zagar, Robert John and Kovach, Joseph W and Busch, Kenneth G and Zablocki, Michael D and Osnowitz, William and Neuhengen, Jonas and Liu, Yutong and Zagar, Agata Karolina},
  journal={Psychological reports},
  volume={113},
  number={3},
  pages={823--854},
  year={2013},
  publisher={SAGE Publications Sage CA: Los Angeles, CA}
}

@book{goodenough63,
  title={Goodenough-Harris drawing test},
  author={Goodenough, Florence Laura},
  year={1963},
  publisher={Harcourt Brace Jovanovich New York}
}

@article{sloan55,
  title={The Lincoln-Oseretsky motor development scale.},
  author={Sloan, William},
  journal={Genetic Psychology Monographs},
  year={1955},
  publisher={Heldref Publications}
}


@article{vance88,
  title={{Prediction of Wechsler intelligence scale for children-revised full scale IQ from the quick test of intelligence and the test of nonverbal intelligence for a referred sample of children and youth}},
  author={Vance, Booney and Hankins, Norman and Reynols, Francine},
  journal={Journal of clinical psychology},
  volume={44},
  number={5},
  pages={793--794},
  year={1988},
  publisher={Wiley Online Library}
}


@article{korrick08,
  title={{Polychlorinated Biphenyls (PCBs), Organochlorine Pesticides, and Neurodevelopment}},
  author={Korrick, Susan A and Sagiv, Sharon K},
  journal={Current opinion in pediatrics},
  volume={20},
  number={2},
  year={2008},
  publisher={NIH Public Access}
}

@article{lamb06,
  title={Prenatal exposure to polychlorinated biphenyls and postnatal growth: a structural analysis},
  author={Lamb, Matthew R and Taylor, Sylvia and Liu, Xinhua and Wolff, Mary S and Borrell, Luisa and Matte, Thomas D and Susser, Ezra S and Factor-Litvak, Pam},
  journal={Environmental health perspectives},
  pages={779--785},
  volume={114},
  number={5},
  year={2006},
  publisher={JSTOR}
}

@article{lee90,
  title={The Strong Heart Study A study of cardiovascular disease in American Indians: design and methods},
  author={Lee, Elisa T and Welty, Thomas K and Fabsitz, Richard and Cowan, Linda D and Le, Ngoc-Anh and Oopik, Arvo J and Cucchiara, Andrew J and Savage, Peter J and Howard, Barbara V},
  journal={American journal of epidemiology},
  volume={132},
  number={6},
  pages={1141--1155},
  year={1990},
  publisher={Oxford Univ Press}
}


@article{stoddart00,
  title={Recruitment of American Indians in epidemiologic research: The strong heart study},
  author={Stoddart, Martha L and Jarvis, Betty and Blake, Beverly and Fabsitz, Richard R and others},
  journal={American Indian and Alaska native mental health research (Online)},
  volume={9},
  number={3},
  pages={20},
  year={2000},
  publisher={UCHSC}
}

@article{gillum84,
  title={International diagnostic criteria for acute myocardial infarction and acute stroke},
  author={Gillum, Richard F and Fortmann, Stephen P and Prineas, Ronald J and Kottke, Thomas E},
  journal={American heart journal},
  volume={108},
  number={1},
  pages={150--158},
  year={1984},
  publisher={Elsevier}
}

@article{vaida00,
  title={Proportional hazards model with random effects},
  author={Vaida, Florin and Xu, Ronghui and others},
  journal={Statistics in medicine},
  volume={19},
  number={24},
  pages={3309--3324},
  year={2000},
  publisher={Citeseer}
}

@article{sargent98,
  title={A general framework for random effects survival analysis in the Cox proportional hazards setting},
  author={Sargent, Daniel J},
  journal={Biometrics},
  pages={1486--1497},
  year={1998},
  publisher={JSTOR}
}


@article{li04,
  title={Statistical modeling of complex backgrounds for foreground object detection},
  author={Li, Liyuan and Huang, Weimin and Gu, Irene Yu-Hua and Tian, Qi},
  journal={IEEE Transactions on Image Processing},
  volume={13},
  number={11},
  pages={1459--1472},
  year={2004},
  publisher={IEEE}
}

@article{winneke02,
  title={{PCB}-induced neurodevelopmental toxicity in human infants and its potential mediation by endocrine dysfunction},
  author={Winneke, Gerhard and Walkowiak, Jens and Lilienthal, Hellmuth},
  journal={Toxicology},
  volume={181},
  pages={161--165},
  year={2002},
  publisher={Elsevier}
}

@article{park10,
  title={Neurodevelopmental toxicity of prenatal polychlorinated biphenyls ({PCBs}) by chemical structure and activity: a birth cohort study},
  author={Park, Hye-Youn and Hertz-Picciotto, Irva and Sovcikova, Eva and Kocan, Anton and Drobna, Beata and Trnovec, Tomas},
  journal={Environmental Health},
  volume={9},
  number={1},
  pages={51},
  year={2010},
  publisher={BioMed Central}
}

@article{navas07,
  title={Lead exposure and cardiovascular disease: a systematic review},
  author={Navas-Acien, Ana and Guallar, Eliseo and Silbergeld, Ellen K and Rothenberg, Stephen J},
  journal={Environmental health perspectives},
  pages={472--482},
  year={2007},
  publisher={JSTOR}
}

@article{navas05,
  title={Arsenic exposure and cardiovascular disease: a systematic review of the epidemiologic evidence},
  author={Navas-Acien, Ana and Sharrett, A Richey and Silbergeld, Ellen K and Schwartz, Brian S and Nachman, Keeve E and Burke, Thomas A and Guallar, Eliseo},
  journal={American journal of epidemiology},
  volume={162},
  number={11},
  pages={1037--1049},
  year={2005},
  publisher={Oxford Univ Press}
}

@article{zanobetti05,
  title={The effect of particulate air pollution on emergency admissions for myocardial infarction: a multicity case-crossover analysis},
  author={Zanobetti, Antonella and Schwartz, Joel},
  journal={Environmental health perspectives},
  pages={978--982},
  year={2005},
  publisher={JSTOR}
}

@article{zanobetti09,
  title={Fine particulate air pollution and its components in association with cause-specific emergency admissions},
  author={Zanobetti, Antonella and Franklin, Meredith and Koutrakis, Petros and Schwartz, Joel},
  journal={Environmental Health},
  volume={8},
  number={1},
  pages={58},
  year={2009},
  publisher={BioMed Central}
}

@article{brook10,
  title={Particulate matter air pollution and cardiovascular disease},
  author={Brook, Robert D and Rajagopalan, Sanjay and Pope, C Arden and Brook, Jeffrey R and Bhatnagar, Aruni and Diez-Roux, Ana V and Holguin, Fernando and Hong, Yuling and Luepker, Russell V and Mittleman, Murray A and others},
  journal={Circulation},
  volume={121},
  number={21},
  pages={2331--2378},
  year={2010},
  publisher={Am Heart Assoc}
}


@article{pang16,
  title={{Metal mixtures in urban and rural populations in the US: The Multi-Ethnic Study of Atherosclerosis and the Strong Heart Study}},
  author={Pang, Yuanjie and Peng, Roger D and Jones, Miranda R and Francesconi, Kevin A and Goessler, Walter and Howard, Barbara V and Umans, Jason G and Best, Lyle G and Guallar, Eliseo and Post, Wendy S and others},
  journal={Environmental research},
  volume={147},
  pages={356--364},
  year={2016},
  publisher={Elsevier}
}

@article{goldsmith2014,
  title = {Estimator Selection and Combination in Scalar-on-Function Regression},
  journal = {Computational Statistics and Data Analysis},
  author={Goldsmith, J and Scheipl, S},
  volume = {70},
  pages = {362-372},
  year={2014}
}

@article{goldsmith2013,
  title = {Corrected Confidence Bands for Functional Data using Principal Components},
  journal = {Biometrics},
  author={Goldsmith, J and Greven, S and Crainiceanu, C M},
  volume = {69},
  pages = {41-51},
  year={2013}
}

@article{goldsmith16,
  title={Assessing systematic effects of stroke on motor control by using hierarchical function-on-scalar regression},
  author={Goldsmith, Jeff and Kitago, Tomoko},
  journal={Journal of the Royal Statistical Society: Series C (Applied Statistics)},
  volume={65},
  number={2},
  pages={215--236},
  year={2016},
  publisher={Wiley Online Library}
}


@article{goldsmith12,
  title={Longitudinal penalized functional regression for cognitive outcomes on neuronal tract measurements},
  author={Goldsmith, Jeff and Crainiceanu, Ciprian M and Caffo, Brian and Reich, Daniel},
  journal={Journal of the Royal Statistical Society: Series C (Applied Statistics)},
  volume={61},
  number={3},
  pages={453--469},
  year={2012},
  publisher={Wiley Online Library}
}

@article{goldsmith15,
  title={Generalized multilevel function-on-scalar regression and principal component analysis},
  author={Goldsmith, Jeff and Zipunnikov, Vadim and Schrack, Jennifer},
  journal={Biometrics},
  volume={71},
  number={2},
  pages={344--353},
  year={2015},
  publisher={Wiley Online Library}
}

@article{hardle1993,
  title={Optimal smoothing in single-index models},
  author={Hardle, Wolfgang and Hall, Peter and Ichimura, Hidehiko and others},
  journal={The annals of Statistics},
  volume={21},
  number={1},
  pages={157--178},
  year={1993},
  publisher={Institute of Mathematical Statistics}
}


@article{park09,
  title={{Hydroxylated PCB metabolites (OH-PCBs) in archived serum from 1950--60s California mothers: a pilot study}},
  author={Park, JS and Petreas, M and Cohn, BA and Cirillo, PM and Factor-Litvak, P},
  journal={Environment international},
  volume={35},
  number={6},
  pages={937--942},
  year={2009},
  publisher={Elsevier}
}

@article{sholtz11,
  title={Assaying organochlorines in archived serum for a large, long-term cohort: Implications of combining assay results from multiple laboratories over time},
  author={Sholtz, Robert I and McLaughlin, Katherine R and Cirillo, Piera M and Petreas, Myrto and Park, June-Soo and Wolff, Mary S and Factor-Litvak, Pam and Eskenazi, Brenda and Krigbaum, Nickilou and Cohn, Barbara A},
  journal={Environment international},
  volume={37},
  number={4},
  pages={709--714},
  year={2011},
  publisher={Elsevier}
}


@article{carreira11,
  title={Studying placental transfer of highly purified non-dioxin-like PCBs in two models of the placental barrier},
  author={Carreira, S Correia and Cartwright, L and Mathiesen, L and Knudsen, Lisbeth E and Saunders, M},
  journal={Placenta},
  volume={32},
  number={3},
  pages={283--291},
  year={2011},
  publisher={Elsevier}
}

@article{lancz15,
  title={Ratio of cord to maternal serum PCB concentrations in relation to their congener-specific physicochemical properties},
  author={Lancz, Kinga and Mur{\'\i}nov{\'a}, L'ubica and Patayov{\'a}, Henrieta and Drobn{\'a}, Beata and Wimmerov{\'a}, So{\v{n}}a and {\v{S}}ov{\v{c}}{\'\i}kov{\'a}, Eva and Kov{\'a}{\v{c}}, J{\'a}n and Farka{\v{s}}ov{\'a}, Dana and Hertz-Picciotto, Irva and Jusko, Todd A and others},
  journal={International journal of hygiene and environmental health},
  volume={218},
  number={1},
  pages={91--98},
  year={2015},
  publisher={Elsevier}
}


@book{breiman84,
  title={Classification and regression trees},
  author={Breiman, Leo and Friedman, Jerome and Stone, Charles J and Olshen, Richard A},
  year={1984},
  publisher={CRC press}
}

@article{breiman01,
  title={Random forests},
  author={Breiman, Leo},
  journal={Machine learning},
  volume={45},
  number={1},
  pages={5--32},
  year={2001},
  publisher={Springer}
}


@article{jain99,
  title={Data clustering: a review},
  author={Jain, Anil K and Murty, M Narasimha and Flynn, Patrick J},
  journal={ACM computing surveys (CSUR)},
  volume={31},
  number={3},
  pages={264--323},
  year={1999},
  publisher={Acm}
}



@inproceedings{min10,
  title={Decomposing background topics from keywords by principal component pursuit},
  author={Min, Kerui and Zhang, Zhengdong and Wright, John and Ma, Yi},
  booktitle={Proceedings of the 19th ACM international conference on Information and knowledge management},
  pages={269--278},
  year={2010},
  organization={ACM}
}


@inproceedings{abdelkefi10,
  title={Robust traffic anomaly detection with principal component pursuit},
  author={Abdelkefi, Atef and Jiang, Yuming and Wang, Wei and Aslebo, Arne and Kvittem, Olav},
  booktitle={Proceedings of the ACM CoNEXT Student Workshop},
  pages={10},
  year={2010},
  organization={ACM}
}

@article{wang12,
  title={Structural analysis of network traffic matrix via relaxed principal component pursuit},
  author={Wang, Zhe and Hu, Kai and Xu, Ke and Yin, Baolin and Dong, Xiaowen},
  journal={Computer Networks},
  volume={56},
  number={7},
  pages={2049--2067},
  year={2012},
  publisher={Elsevier}
}

@article{liu14,
  title={Linear time Principal Component Pursuit and its extensions using $\ell^1$ filtering},
  author={Liu, Risheng and Lin, Zhouchen and Su, Zhixun and Gao, Junbin},
  journal={Neurocomputing},
  volume={142},
  pages={529--541},
  year={2014},
  publisher={Elsevier}
}

@article{yang14,
  title={Blind denoising of structural vibration responses with outliers via principal component pursuit},
  author={Yang, Yongchao and Nagarajaiah, Satish},
  journal={Structural Control and Health Monitoring},
  volume={21},
  number={6},
  pages={962--978},
  year={2014},
  publisher={Wiley Online Library}
}


%%%  RPCA : Theory


 @article{candes11,
  title={Robust principal component analysis?},
  author={Cand{\`e}s, Emmanuel J and Li, Xiaodong and Ma, Yi and Wright, John},
  journal={Journal of the ACM (JACM)},
  volume={58},
  number={3},
  pages={11},
  year={2011},
  publisher={ACM}
}

@article{chandrasekaran2011rank,
  title={Rank-sparsity incoherence for matrix decomposition},
  author={Chandrasekaran, Venkat and Sanghavi, Sujay and Parrilo, Pablo A and Willsky, Alan S},
  journal={SIAM Journal on Optimization},
  volume={21},
  number={2},
  pages={572--596},
  year={2011},
  publisher={SIAM}
}

@article{agarwal2012noisy,
  title={Noisy matrix decomposition via convex relaxation: Optimal rates in high dimensions},
  author={Agarwal, Alekh and Negahban, Sahand and Wainwright, Martin J},
  journal={The Annals of Statistics},
  pages={1171--1197},
  year={2012},
  publisher={JSTOR}
}

@article{hsu2011robust,
  title={Robust matrix decomposition with sparse corruptions},
  author={Hsu, Daniel and Kakade, Sham M and Zhang, Tong},
  journal={IEEE Transactions on Information Theory},
  volume={57},
  number={11},
  pages={7221--7234},
  year={2011},
  publisher={IEEE}
}


@inproceedings{ganesh12,
  title={Principal component pursuit with reduced linear measurements},
  author={Ganesh, Arvind and Min, Kerui and Wright, John and Ma, Yi},
  booktitle={Information Theory Proceedings (ISIT), 2012 IEEE International Symposium on},
  pages={1281--1285},
  year={2012},
  organization={IEEE}
}

@article{wright13,
  title={Compressive principal component pursuit},
  author={Wright, John and Ganesh, Arvind and Min, Kerui and Ma, Yi},
  journal={Information and Inference},
  volume={2},
  number={1},
  pages={32--68},
  year={2013},
  publisher={Oxford University Press}
}


%%%  RPCA : Computation

@book{rpca,
    author    = "Sykulski M",
    title     = "rpca: {RobustPCA}: Decompose a Matrix into Low-Rank and Sparse Components",
    year      = "2015",
    publisher = "R Foundation for Statistical Computing",
    address = "Vienna, Austria"
 }
 
 @article{mu2016scalable,
  title={Scalable Robust Matrix Recovery: Frank--Wolfe Meets Proximal Methods},
  author={Mu, Cun and Zhang, Yuqian and Wright, John and Goldfarb, Donald},
  journal={SIAM Journal on Scientific Computing},
  volume={38},
  number={5},
  pages={A3291--A3317},
  year={2016},
  publisher={SIAM}
}

@article{lin2010augmented,
  title={The augmented lagrange multiplier method for exact recovery of corrupted low-rank matrices},
  author={Lin, Zhouchen and Chen, Minming and Ma, Yi},
  journal={arXiv preprint arXiv:1009.5055},
  year={2010}
}

@article{yuan2009sparse,
  title={Sparse and low-rank matrix decomposition via alternating direction methods},
  author={Yuan, Xiaoming and Yang, Junfeng},
  journal={preprint},
  volume={12},
  year={2009}
}

@article{tao2011recovering,
  title={Recovering low-rank and sparse components of matrices from incomplete and noisy observations},
  author={Tao, Min and Yuan, Xiaoming},
  journal={SIAM Journal on Optimization},
  volume={21},
  number={1},
  pages={57--81},
  year={2011},
  publisher={SIAM}
}

@article{aybat2014efficient,
  title={Efficient algorithms for robust and stable principal component pursuit problems},
  author={Aybat, Necdet Serhat and Goldfarb, Donald and Ma, Shiqian},
  journal={Computational Optimization and Applications},
  volume={58},
  number={1},
  pages={1--29},
  year={2014},
  publisher={Springer}
}

%%% CONVEX RELAXATIONS FOR RECOVERING LOW-DIM STRUCTURE

@article{candes2006robust,
  title={Robust uncertainty principles: Exact signal reconstruction from highly incomplete frequency information},
  author={Cand{\`e}s, Emmanuel J and Romberg, Justin and Tao, Terence},
  journal={IEEE Transactions on information theory},
  volume={52},
  number={2},
  pages={489--509},
  year={2006},
  publisher={IEEE}
}


@article{candes2005decoding,
  title={Decoding by linear programming},
  author={Candes, Emmanuel J and Tao, Terence},
  journal={IEEE transactions on information theory},
  volume={51},
  number={12},
  pages={4203--4215},
  year={2005},
  publisher={IEEE}
}


@article{donoho2006most,
  title={For most large underdetermined systems of linear equations the minimal 1-norm solution is also the sparsest solution},
  author={Donoho, David L},
  journal={Communications on pure and applied mathematics},
  volume={59},
  number={6},
  pages={797--829},
  year={2006},
  publisher={Wiley Online Library}
}


@article{recht2010guaranteed,
  title={Guaranteed minimum-rank solutions of linear matrix equations via nuclear norm minimization},
  author={Recht, Benjamin and Fazel, Maryam and Parrilo, Pablo A},
  journal={SIAM review},
  volume={52},
  number={3},
  pages={471--501},
  year={2010},
  publisher={SIAM}
}


@article{candes2012exact,
  title={Exact matrix completion via convex optimization},
  author={Candes, Emmanuel and Recht, Benjamin},
  journal={Communications of the ACM},
  volume={55},
  number={6},
  pages={111--119},
  year={2012},
  publisher={ACM}
}


@inproceedings{negahban2009unified,
  title={A unified framework for high-dimensional analysis of $ m $-estimators with decomposable regularizers},
  author={Negahban, Sahand and Yu, Bin and Wainwright, Martin J and Ravikumar, Pradeep K},
  booktitle={Advances in Neural Information Processing Systems},
  pages={1348--1356},
  year={2009}
}

@article{li2013compressed,
  title={Compressed sensing and matrix completion with constant proportion of corruptions},
  author={Li, Xiaodong},
  journal={Constructive Approximation},
  volume={37},
  number={1},
  pages={73--99},
  year={2013},
  publisher={Springer}
}

@article{oymak2015universality,
  title={Universality laws for randomized dimension reduction, with applications},
  author={Oymak, Samet and Tropp, Joel A},
  journal={arXiv preprint arXiv:1511.09433},
  year={2015}
}

@inproceedings{mu2014square,
  title={Square Deal: Lower Bounds and Improved Relaxations for Tensor Recovery.},
  author={Mu, Cun and Huang, Bo and Wright, John and Goldfarb, Donald},
  booktitle={ICML},
  pages={73--81},
  year={2014}
}


%%%  FINDING SPARSE BASES  FOR  A SUBSPACE
@inproceedings{qu2014finding,
  title={Finding a sparse vector in a subspace: Linear sparsity using alternating directions},
  author={Qu, Qing and Sun, Ju and Wright, John},
  booktitle={Advances in Neural Information Processing Systems},
  pages={3401--3409},
  year={2014}
}

@article{sun2016complete,
  title={Complete dictionary recovery over the sphere I: Overview and the geometric picture},
  author={Sun, Ju and Qu, Qing and Wright, John},
  journal={IEEE Transactions on Information Theory},
  year={2016},
  publisher={IEEE}
}

@article{sun2016completeII,
  title={Complete dictionary recovery over the sphere II: Recovery by Riemannian trust-region method},
  author={Sun, Ju and Qu, Qing and Wright, John},
  journal={IEEE Transactions on Information Theory},
  year={2016},
  publisher={IEEE}
}


%%%% ADMM

@article{glowinski1975approximation,
  title={Sur l'approximation, par {\'e}l{\'e}ments finis d'ordre un, et la r{\'e}solution, par p{\'e}nalisation-dualit{\'e} d'une classe de probl{\`e}mes de Dirichlet non lin{\'e}aires},
  author={Glowinski, Roland and Marroco, A},
  journal={Revue fran{\c{c}}aise d'automatique, informatique, recherche op{\'e}rationnelle. Analyse num{\'e}rique},
  volume={9},
  number={2},
  pages={41--76},
  year={1975}
}

@article{boyd2011distributed,
  title={Distributed optimization and statistical learning via the alternating direction method of multipliers},
  author={Boyd, Stephen and Parikh, Neal and Chu, Eric and Peleato, Borja and Eckstein, Jonathan},
  journal={Foundations and Trends{\textregistered} in Machine Learning},
  volume={3},
  number={1},
  pages={1--122},
  year={2011},
  publisher={Now Publishers Inc.}
}

@article{gabay1976dual,
  title={A dual algorithm for the solution of nonlinear variational problems via finite element approximation},
  author={Gabay, Daniel and Mercier, Bertrand},
  journal={Computers \& Mathematics with Applications},
  volume={2},
  number={1},
  pages={17--40},
  year={1976},
  publisher={Elsevier}
}

%%%% FRANK WOLFE

@inproceedings{jaggi2013revisiting,
  title={Revisiting Frank-Wolfe: Projection-Free Sparse Convex Optimization.},
  author={Jaggi, Martin},
  booktitle={ICML (1)},
  pages={427--435},
  year={2013}
}

@article{frank1956algorithm,
  title={An algorithm for quadratic programming},
  author={Frank, Marguerite and Wolfe, Philip},
  journal={Naval research logistics quarterly},
  volume={3},
  number={1-2},
  pages={95--110},
  year={1956},
  publisher={Wiley Online Library}
}


@inproceedings{zhou2010stable,
  title={Stable principal component pursuit},
  author={Zhou, Zihan and Li, Xiaodong and Wright, John and Candes, Emmanuel and Ma, Yi},
  booktitle={Information Theory Proceedings (ISIT), 2010 IEEE International Symposium on},
  pages={1518--1522},
  year={2010},
  organization={IEEE}
}

@misc{PDLmatrix,
	title={Low-Rank Matrix Recovery and Completion via Convex Optimization},
    author = {Wright, John and Ganesh, Arvind and Min, Kerui and Ma, Yi},
    howpublished ={\url{http://perception.csl.illinois.edu/matrix-rank/home.html}}}
    
@misc{PDLclustering,
	title={Clustering and Classification via Lossy Compression},
    author = {Wright, John and Derksen, Harm and Ma, Yi},
    howpublished = {\url{http://perception.csl.illinois.edu/coding/home.htm}}}
    
@article{park2017construction,
  title={Construction of environmental risk score beyond standard linear models using machine learning methods: application to metal mixtures, oxidative stress and cardiovascular disease in NHANES},
  author={Park, Sung Kyun and Zhao, Zhangchen and Mukherjee, Bhramar},
  journal={Environmental Health},
  volume={16},
  number={1},
  pages={102},
  year={2017},
  publisher={BioMed Central}
}

@article{wilson2018model,
  title={Model-averaged confounder adjustment for estimating multivariate exposure effects with linear regression},
  author={Wilson, Ander and Zigler, Corwin M and Patel, Chirag J and Dominici, Francesca},
  journal={Biometrics},
  year={2018},
  publisher={Wiley Online Library}
}

@article{coker2018multi,
  title={Multi-pollutant Modeling Through Examination of Susceptible Subpopulations Using Profile Regression},
  author={Coker, Eric and Liverani, Silvia and Su, Jason G and Molitor, John},
  journal={Current environmental health reports},
  volume={5},
  number={1},
  pages={59--69},
  year={2018},
  publisher={Springer}
}

@article{coker2017association,
  title={Association between pesticide profiles used on agricultural fields near maternal residences during pregnancy and IQ at age 7 years},
  author={Coker, Eric and Gunier, Robert and Bradman, Asa and Harley, Kim and Kogut, Katherine and Molitor, John and Eskenazi, Brenda},
  journal={International journal of environmental research and public health},
  volume={14},
  number={5},
  pages={506},
  year={2017},
  publisher={Multidisciplinary Digital Publishing Institute}
}

@article{furlong2017prenatal,
  title={Prenatal exposure to organophosphorus pesticides and childhood neurodevelopmental phenotypes},
  author={Furlong, Melissa A and Herring, Amy and Buckley, Jessie P and Goldman, Barbara D and Daniels, Julie L and Engel, Lawrence S and Wolff, Mary S and Chen, Jia and Wetmur, Jim and Barr, Dana Boyd and others},
  journal={Environmental research},
  volume={158},
  pages={737--747},
  year={2017},
  publisher={Elsevier}
}

@misc{bosfire,
title={{Wildfires in Quebec cast their pall into New England, Available at: \url{http://archive.boston.com/news/local/massachusetts/articles/2010/06/01/wildfires_in_quebec_cast_their_pall_into_new_england/}}},
year={2010}
}

@article{mak13_org,
  title={The effect of primary organic particles on emergency hospital admissions among the elderly in 3 US cities},
  author={Kioumourtzoglou, Marianthi-Anna and Zanobetti, Antonella and Schwartz, Joel D and Coull, Brent A and Dominici, Francesca and Suh, Helen H},
  journal={Environmental Health},
  volume={12},
  number={1},
  pages={68},
  year={2013},
  publisher={BioMed Central}
}


@book{strongin13,
  title={Global optimization with non-convex constraints: Sequential and parallel algorithms},
  author={Strongin, Roman G and Sergeyev, Yaroslav D},
  volume={45},
  year={2013},
  publisher={Springer Science \& Business Media}
}

@article{bobb2018statistical,
  title={Statistical software for analyzing the health effects of multiple concurrent exposures via Bayesian kernel machine regression},
  author={Bobb, Jennifer F and Henn, Birgit Claus and Valeri, Linda and Coull, Brent A},
  journal={Environmental Health},
  volume={17},
  number={1},
  pages={67},
  year={2018},
  publisher={BioMed Central}
}

@book{coull2015,
  author    = {Coull, B. A. and Bobb, Jennifer F and Wellenius, G.A. and Kioumourtzoglou, Marianthi-Anna and Mittleman, M.A. and Koutrakis, P and Godleski, JJ}, 
  title     = {Development of Statistical Methods for Multipollutant Research; Part 1. Statistical Learning Methods for the Effects of Multiple Air Pollution Constituents },
  publisher = {Health Effects Institute},
  year      = 2015,
  volume    = 183,
  address   = {Boston, MA},
  month     = 06
}

@article{mak15_clusters,
  title={PM$_{2.5}$ and survival among older adults: effect modification by particulate composition},
  author={Kioumourtzoglou, Marianthi-Anna and Austin, Elena and Koutrakis, Petros and Dominici, Francesca and Schwartz, Joel and Zanobetti, Antonella},
  journal={Epidemiology},
  volume={26},
  number={3},
   year={2015}
}

@book{ISLR,
  title={An introduction to statistical learning},
  author={James, Gareth and Witten, Daniela and Hastie, Trevor and Tibshirani, Robert},
  address={New York, NY},
  year={2013},
  publisher={Springer}
}

@article{kalkbrenner2010perinatal,
  title={Perinatal exposure to hazardous air pollutants and autism spectrum disorders at age 8},
  author={Kalkbrenner, Amy E and Daniels, Julie L and Chen, Jiu-Chiuan and Poole, Charles and Emch, Michael and Morrissey, Joseph},
  journal={Epidemiology},
  volume={21},
  number={5},
  pages={631},
  year={2010},
  publisher={NIH Public Access}
}

@article{momoli2010analysis,
  title={Analysis of multiple exposures: an empirical comparison of results from conventional and semi-bayes modeling strategies},
  author={Momoli, Franco and Abrahamowicz, Michal and Parent, Marie-{\'E}lise and Krewski, Dan and Siemiatycki, Jack},
  journal={Epidemiology},
 volume={21},
  number={1},
  pages={144--151},
  year={2010},
  publisher={JSTOR}
}

@article{hoffman2013stochastic,
  title={Stochastic variational inference},
  author={Hoffman, Matthew D and Blei, David M and Wang, Chong and Paisley, John},
  journal={The Journal of Machine Learning Research},
  volume={14},
  number={1},
  pages={1303--1347},
  year={2013},
  publisher={JMLR. org}
}

